<?xml version="1.0" encoding="UTF-8"?><record xmlns="http://www.loc.gov/MARC21/slim" xmlns:cinclude="http://apache.org/cocoon/include/1.0" xmlns:zs="http://www.loc.gov/zing/srw/">
  <leader>00333nz  a2200121n  4500</leader>
  <controlfield tag="001">n  96116776 </controlfield>
  <controlfield tag="003">DLC</controlfield>
  <controlfield tag="005">19961204094858.4</controlfield>
  <controlfield tag="008">961204n| acannaab|          |n aaa |||  </controlfield>
  <datafield tag="010" ind1=" " ind2=" ">
    <subfield code="a">n  96116776 </subfield>
  </datafield>
  <datafield tag="040" ind1=" " ind2=" ">
    <subfield code="a">DLC</subfield>
    <subfield code="c">DLC</subfield>
  </datafield>
  <datafield tag="100" ind1="1" ind2="0">
    <subfield code="a">Goff, Frances,</subfield>
    <subfield code="d">1916-1994</subfield>
  </datafield>
  <datafield tag="670" ind1=" " ind2=" ">
    <subfield code="a">Texas, her texas, 1997:</subfield>
    <subfield code="b">CIP t.p. (Frances Goff) data sheet (1916-1994)</subfield>
  </datafield>
</record>